<record xmlns="http://www.loc.gov/MARC21/slim" xmlns:xsi="http://www.w3.org/2001/XMLSchema-instance" xsi:schemaLocation="http://www.loc.gov/MARC21/slim http://www.loc.gov/standards/marcxml/schema/MARC21slim.xsd">

  <leader>00677nam a2200181Ia 4500</leader>
  <datafield ind2=" " ind1=" " tag="999">
    <subfield code="c">545</subfield>
    <subfield code="d">545</subfield>
  </datafield>
  <controlfield tag="008">170202b        xxu||||| |||| 00| 0 spa d</controlfield>
  <datafield tag="020" ind2=" " ind1=" ">
    <subfield code="a">9789968252782</subfield>
  </datafield>
  <datafield tag="090" ind1=" " ind2=" ">
    <subfield code="a">14.02.03 </subfield>
    <subfield code="b">1473</subfield>
  </datafield>
  <datafield ind2=" " ind1="2" tag="110">
    <subfield code="a">Instituto Nacional de las Mujeres</subfield>
    <subfield code="9">1766</subfield>
  </datafield>
  <datafield ind2="3" ind1="1" tag="245">
    <subfield code="a">La representación del femicidio en la prensa escrita durante el periodo 2005-2009 / </subfield>
    <subfield code="c">Instituto Nacional de las Mujeres</subfield>
  </datafield>
  <datafield tag="260" ind1=" " ind2=" ">
    <subfield code="a">San José, Costa Rica : </subfield>
    <subfield code="b">INAMU, </subfield>
    <subfield code="c">2013</subfield>
  </datafield>
  <datafield tag="300" ind2=" " ind1=" ">
    <subfield code="a">172 páginas</subfield>
  </datafield>
  <datafield ind2=" " ind1=" " tag="490">
    <subfield code="a">Colección Producción del Conocimiento, no.17 \ Aportes teóricos, no.7</subfield>
  </datafield>
  <datafield ind2="4" ind1="1" tag="650">
    <subfield code="a">MUJERES</subfield>
    <subfield code="9">55</subfield>
  </datafield>
  <datafield tag="650" ind1="1" ind2="4">
    <subfield code="a">VIOLENCIA CONTRA LAS MUJERES</subfield>
    <subfield code="9">85</subfield>
  </datafield>
  <datafield ind1="1" ind2="4" tag="650">
    <subfield code="a">MEDIOS DE COMUNICACIÓN</subfield>
    <subfield code="9">388</subfield>
  </datafield>
  <datafield ind2=" " ind1=" " tag="942">
    <subfield code="2">z</subfield>
    <subfield code="c">01</subfield>
  </datafield>
</record>